<record xmlns='http://www.loc.gov/MARC21/slim'><leader>03844cas a2200877 a 4500</leader><controlfield tag='001'>1595553</controlfield><controlfield tag='005'>20180906094716.0</controlfield><controlfield tag='007'>cr aa ---uuuuu</controlfield><controlfield tag='008'>870519c19599999dcumr1p       0   a0eng d</controlfield><datafield ind1=' ' ind2=' ' tag='010'><subfield code='a'>   87657516 </subfield><subfield code='z'>sn 86013771</subfield></datafield><datafield ind1='1' ind2=' ' tag='019'><subfield code='a'>5405130</subfield></datafield><datafield ind1='0' ind2=' ' tag='022'><subfield code='a'>0027-9358</subfield></datafield><datafield ind1=' ' ind2=' ' tag='030'><subfield code='a'>NGGMAF</subfield></datafield><datafield ind1=' ' ind2=' ' tag='032'><subfield code='a'>373140</subfield><subfield code='b'>USPS</subfield></datafield><datafield ind1=' ' ind2=' ' tag='035'><subfield code='a'>1595553</subfield></datafield><datafield ind1=' ' ind2=' ' tag='037'><subfield code='b'>National Geographic Society, 17th &amp; M Sts., N.W., Washington, DC 20036</subfield></datafield><datafield ind1=' ' ind2=' ' tag='040'><subfield code='a'>LC</subfield><subfield code='b'>eng</subfield><subfield code='c'>LC</subfield></datafield><datafield ind1=' ' ind2=' ' tag='042'><subfield code='a'>nsdp</subfield><subfield code='a'>lc</subfield></datafield><datafield ind1='0' ind2='0' tag='050'><subfield code='a'>G1</subfield><subfield code='b'>.N27</subfield></datafield><datafield ind1=' ' ind2='4' tag='050'><subfield code='a'>G1</subfield><subfield code='b'>.N26:A</subfield></datafield><datafield ind1='0' ind2='4' tag='082'><subfield code='a'>910</subfield></datafield><datafield ind1='0' ind2='0' tag='082'><subfield code='a'>910</subfield><subfield code='2'>11</subfield></datafield><datafield ind1='0' ind2=' ' tag='210'><subfield code='a'>Natl. geogr</subfield></datafield><datafield ind1=' ' ind2='0' tag='222'><subfield code='a'>National geographic</subfield></datafield><datafield ind1='0' ind2='0' tag='245'><subfield code='a'>National geographic.</subfield></datafield><datafield ind1='3' ind2='3' tag='246'><subfield code='a'>National geographic magazine</subfield></datafield><datafield ind1=' ' ind2=' ' tag='260'><subfield code='a'>[Washington, D.C. :</subfield><subfield code='b'>National Geographic Society,</subfield><subfield code='c'>c1959-</subfield></datafield><datafield ind1=' ' ind2=' ' tag='300'><subfield code='a'>v. :</subfield><subfield code='b'>ill. (some col.), ports., maps (some fold., some col.) ;</subfield><subfield code='c'>26 cm.</subfield></datafield><datafield ind1=' ' ind2=' ' tag='310'><subfield code='a'>Monthly</subfield></datafield><datafield ind1='0' ind2=' ' tag='362'><subfield code='a'>Vol. 116, no. 6 (Dec. 1959)-</subfield></datafield><datafield ind1=' ' ind2=' ' tag='500'><subfield code='a'>Title from cover.</subfield></datafield><datafield ind1='1' ind2=' ' tag='510'><subfield code='a'>Canadian periodical index</subfield><subfield code='x'>0008-4719</subfield></datafield><datafield ind1='1' ind2=' ' tag='510'><subfield code='a'>Children&apos;s magazine guide</subfield><subfield code='x'>0743-9873</subfield><subfield code='b'>1981-</subfield></datafield><datafield ind1='1' ind2=' ' tag='510'><subfield code='a'>Magazine index</subfield><subfield code='b'>1959-</subfield></datafield><datafield ind1='1' ind2=' ' tag='510'><subfield code='a'>Readers&apos; guide abstracts (microform)</subfield><subfield code='x'>0886-0092</subfield></datafield><datafield ind1='1' ind2=' ' tag='510'><subfield code='a'>Readers&apos; guide to periodical literature</subfield><subfield code='x'>0034-0464</subfield></datafield><datafield ind1='1' ind2=' ' tag='510'><subfield code='a'>Subject index to children&apos;s magazines</subfield><subfield code='x'>0039-4351</subfield><subfield code='b'>-1981</subfield></datafield><datafield ind1='2' ind2=' ' tag='510'><subfield code='a'>Abridged readers&apos; guide to periodical literature</subfield><subfield code='x'>0001-334X</subfield></datafield><datafield ind1='2' ind2=' ' tag='510'><subfield code='a'>Annual bibliography of English language and literature</subfield><subfield code='x'>0066-3786</subfield></datafield><datafield ind1='2' ind2=' ' tag='510'><subfield code='a'>Art and archaeology technical abstracts</subfield><subfield code='x'>0004-2994</subfield></datafield><datafield ind1='2' ind2=' ' tag='510'><subfield code='a'>ASTIS bibliography</subfield><subfield code='x'>0226-1685</subfield><subfield code='b'>1978-</subfield></datafield><datafield ind1='2' ind2=' ' tag='510'><subfield code='a'>ASTIS current awareness bulletin</subfield><subfield code='x'>0705-8454</subfield><subfield code='b'>1978-</subfield></datafield><datafield ind1='2' ind2=' ' tag='510'><subfield code='a'>Coal abstracts</subfield><subfield code='x'>0309-4979</subfield></datafield><datafield ind1='2' ind2=' ' tag='510'><subfield code='a'>Energy information abstracts</subfield><subfield code='x'>0147-6521</subfield></datafield><datafield ind1='2' ind2=' ' tag='510'><subfield code='a'>Energy research abstracts</subfield><subfield code='x'>0160-3604</subfield><subfield code='b'>Jan. 1976-</subfield></datafield><datafield ind1='2' ind2=' ' tag='510'><subfield code='a'>Environment abstracts</subfield><subfield code='x'>0093-3287</subfield></datafield><datafield ind1='2' ind2=' ' tag='510'><subfield code='a'>GeoRef</subfield><subfield code='x'>0197-7482</subfield></datafield><datafield ind1='2' ind2=' ' tag='510'><subfield code='a'>International aerospace abstracts</subfield><subfield code='x'>0020-5842</subfield></datafield><datafield ind1='2' ind2=' ' tag='510'><subfield code='a'>Popular magazine review</subfield><subfield code='x'>0740-3763</subfield><subfield code='b'>1984-</subfield></datafield><datafield ind1='0' ind2=' ' tag='510'><subfield code='a'>Biography index</subfield><subfield code='x'>0006-3053</subfield></datafield><datafield ind1=' ' ind2=' ' tag='520'><subfield code='a'>Feb 1988 issue held devoted to the Australian Bicentennial.</subfield></datafield><datafield ind1=' ' ind2=' ' tag='530'><subfield code='a'>Issued also on microfilm by University Microfilms.</subfield></datafield><datafield ind1=' ' ind2=' ' tag='550'><subfield code='a'>Official journal of: the National Geographic Society.</subfield></datafield><datafield ind1=' ' ind2=' ' tag='555'><subfield code='a'>Vols. 91 (1947)-161 (1983).  1 v. (Includes index to the journal under its earlier title); Vols. 1 (1888)-174 (1988).  1 v. (Includes index to the journal under its earlier title)</subfield></datafield><datafield ind1=' ' ind2=' ' tag='555'><subfield code='a'>Indexes kept up-to-date with supplements.</subfield></datafield><datafield ind1=' ' ind2='0' tag='650'><subfield code='a'>Geography</subfield><subfield code='x'>Periodicals.</subfield></datafield><datafield ind1=' ' ind2='2' tag='650'><subfield code='a'>Geography</subfield><subfield code='x'>periodicals.</subfield></datafield><datafield ind1=' ' ind2='7' tag='650'><subfield code='a'>Death - Mortuary / funeral ceremonies - Mortuary objects - Poles.</subfield><subfield code='2'>aiatsiss</subfield></datafield><datafield ind1=' ' ind2='7' tag='650'><subfield code='a'>Material culture.</subfield><subfield code='2'>aiatsiss</subfield></datafield><datafield ind1=' ' ind2='7' tag='650'><subfield code='a'>Politics and Government - National symbols and events - Bicentennial, 1988.</subfield><subfield code='2'>aiatsiss</subfield></datafield><datafield ind1=' ' ind2='7' tag='650'><subfield code='a'>Initiation - Circumcision.</subfield><subfield code='2'>aiatsiss</subfield></datafield><datafield ind1=' ' ind2='7' tag='650'><subfield code='a'>Race relations - Attitudes.</subfield><subfield code='2'>aiatsiss</subfield></datafield><datafield ind1=' ' ind2='7' tag='650'><subfield code='a'>Anthropology.</subfield><subfield code='2'>aiatsiss</subfield></datafield><datafield ind1=' ' ind2='7' tag='650'><subfield code='a'>Economic sectors - Tourism.</subfield><subfield code='2'>aiatsiss</subfield></datafield><datafield ind1=' ' ind2='7' tag='650'><subfield code='a'>Technology - Stone.</subfield><subfield code='2'>aiatsiss</subfield></datafield><datafield ind1=' ' ind2='7' tag='650'><subfield code='a'>Art - Rock art - Painting.</subfield><subfield code='2'>aiatsiss</subfield></datafield><datafield ind1=' ' ind2='7' tag='650'><subfield code='a'>Cultural heritage.</subfield><subfield code='2'>aiatsiss</subfield></datafield><datafield ind1=' ' ind2='7' tag='651'><subfield code='a'>Australia.</subfield><subfield code='2'>aiatsisp</subfield></datafield><datafield ind1=' ' ind2='7' tag='651'><subfield code='a'>Arnhem Land (NT)</subfield><subfield code='2'>aiatsisp</subfield></datafield><datafield ind1=' ' ind2='7' tag='651'><subfield code='a'>Groote Eylandt (NT Gulf Islands SD53-07, SD53-08)</subfield><subfield code='2'>aiatsisp</subfield></datafield><datafield ind1=' ' ind2='7' tag='651'><subfield code='a'>Tiwi Islands (NT SC52-15, SC52-16)</subfield><subfield code='2'>aiatsisp</subfield></datafield><datafield ind1='2' ind2=' ' tag='710'><subfield code='a'>National Geographic Society (U.S.)</subfield></datafield><datafield ind1='0' ind2=' ' tag='740'><subfield code='a'>National geographic index.</subfield></datafield><datafield ind1='0' ind2='8' tag='776'><subfield code='a'>Also issued annually in a CD-ROM version (includes issues of the journal under its earlier title) with title:.</subfield><subfield code='t'>Complete National geographic</subfield><subfield code='w'>(DLC)  2002252154</subfield><subfield code='w'>(OCoLC)48770184</subfield></datafield><datafield ind1='0' ind2='0' tag='780'><subfield code='t'>National geographic magazine</subfield><subfield code='x'>1044-6613</subfield><subfield code='w'>(DLC) 14007038</subfield><subfield code='w'>(OCoLC)1643684</subfield></datafield><datafield ind1=' ' ind2=' ' tag='953'><subfield code='a'>Core serial title (Geography)</subfield></datafield><datafield ind1='f' ind2='f' tag='999'><subfield code='i'>08aed703-3648-54d0-80ef-fddb3c635731</subfield><subfield code='s'>8cc53a8b-8ab7-50b6-b8bd-4f5d0c304e81</subfield></datafield><datafield ind1='f' ind2='f' tag='952'><subfield code='a'>National Library of Australia</subfield><subfield code='b'>Parkes</subfield><subfield code='c'>Parkes</subfield><subfield code='d'>Special Collections Reading Room (PET)</subfield><subfield code='e'>NKA 1132</subfield><subfield code='h'>Other scheme</subfield><subfield code='i'>Monograph</subfield><subfield code='m'>37fbc2dd-3b37-58b8-b447-b538ba7265b9</subfield><subfield code='z'>Holdings note: Vol. 148, no. 5 (Nov. 1975)-vol. 148, no. 6 (Dec. 1975)</subfield></datafield><datafield ind1='f' ind2='f' tag='952'><subfield code='a'>National Library of Australia</subfield><subfield code='b'>Parkes</subfield><subfield code='c'>Parkes</subfield><subfield code='d'>Special Collections Reading Room (ASIAN MONOGRAPHS SPECIAL)</subfield><subfield code='e'>HSW 2071</subfield><subfield code='h'>Other scheme</subfield><subfield code='i'>Monograph</subfield><subfield code='m'>fc59f835-c340-5ea4-978d-4bfe4193cee0</subfield><subfield code='z'>Holdings note: Vol. 118, no. 2 (Aug. 1960); v. 118, no. 6 (Dec. 1960); v. 121, no. 1 (Jan. 1962); v. 126, no. 4 (Oct. 1964)-v. 126, no. 5 (Nov. 1964); v. 131, no. 2 (Feb. 1967); v. 132, no. 3 (Sept. 1967); v. 134, no. 6 (Dec. 1968)-v. 135, no. 1 (Jan. 1969); v. 135, no. 3 (March 1969)-v. 135, no. 4 (April 1969); v. 136, no. 3 (Sept. 1969); v. 137, no. 3 (March 1970); v. 138, no. 5 (Nov. 1970); v. 140, no. 1 (July 1971); v. 149, no. 6 (June 1976); v. 152, no. 6 (Dec. 1977)</subfield></datafield><datafield ind1='f' ind2='f' tag='952'><subfield code='a'>National Library of Australia</subfield><subfield code='b'>Parkes</subfield><subfield code='c'>Parkes</subfield><subfield code='d'>Main Reading Room (AUS)</subfield><subfield code='e'>919.4 NAT</subfield><subfield code='h'>Dewey Decimal classification</subfield><subfield code='i'>Monograph</subfield><subfield code='m'>44e5936d-0bd9-5df5-a86a-5091d04bd84d</subfield><subfield code='z'>Holdings note: N pbk</subfield></datafield><datafield ind1='f' ind2='f' tag='952'><subfield code='a'>National Library of Australia</subfield><subfield code='b'>Parkes</subfield><subfield code='c'>Parkes</subfield><subfield code='d'>Main Reading Room (AUSL)</subfield><subfield code='e'>NL 919.4 NAT</subfield><subfield code='f'>NL</subfield><subfield code='h'>Dewey Decimal classification</subfield><subfield code='i'>Unknown</subfield><subfield code='m'>d6c97d9e-dfe6-5faa-9f0b-020b2bddbf8c</subfield><subfield code='z'>Holdings note: v. 124, no. 3 (Sept. 1963)</subfield></datafield><datafield ind1='f' ind2='f' tag='952'><subfield code='a'>National Library of Australia</subfield><subfield code='b'>Parkes</subfield><subfield code='c'>Parkes</subfield><subfield code='d'>Main Reading Room - Most pre 2005 held offsite (SS)</subfield><subfield code='e'>910.5 NAT</subfield><subfield code='h'>Dewey Decimal classification</subfield><subfield code='i'>Serial</subfield><subfield code='m'>fe525746-5142-5b54-8c89-c6ed7a9c6196</subfield><subfield code='z'>Holdings statement: v.218:no.4 (2010:Oct.) - v.222:no.2 (2012:Aug.)</subfield><subfield code='z'>Holdings statement: v.222:no.4 (2012:Oct.) - v.242:no.3 (2022:Sep.)</subfield><subfield code='z'>Holdings statement: v.116:no.6 (1959:Dec.) - v.218:no.1 (2010:July),</subfield><subfield code='z'>Holdings statement: v. 242, no. 4 (2022 Oct.)</subfield></datafield></record>